@article{alguem2022nada,
  title     = {Nada de interessante},
  author    = {Seu Alguem},
  journal   = {Desconhecido},
  volume    = {1},
  number    = {1},
  pages     = {1--10},
  year      = {2022},
  publisher = {Editora Imaginação},
  note      = {Acessado em : 09 mar. 2023.}
}

@misc{brasil2006,
  author = {Brasil},
  title  = {Lei nº 11.340, de 7 de agosto de 2006 - Lei Maria da Penha},
  year   = {2006},
  url    = {http://www.planalto.gov.br/ccivil_03/_ato2004-2006/2006/lei/l11340.htm},
  note   = {Acessado em: 14 out. 2025}
}

@article{carvalho2017transmissao,
  author    = {Carvalho, José Raimundo and Oliveira, Victor Hugo},
  title     = {Violência Doméstica, Violência na Gravidez e Transmissão entre Gerações},
  journal   = {PCSVDFMulher – Pesquisa de Condições Socioeconômicas e Violência Doméstica e Familiar contra a Mulher},
  year      = {2017},
  publisher = {Secretaria Especial de Políticas para as Mulheres – Ministério da Justiça e Cidadania},
  url       = {https://www.onumulheres.org.br/wp-content/uploads/2017/11/violencia_domestica_geracoes_out_17.pdf},
  note      = {Acessado em: 24 jul. 2025}
}

@misc{Chartjs:2025,
  author = {Chart.js},
  title  = {Biblioteca de gráficos JavaScript simples, porém flexível, para a web moderna},
  month  = {julho},
  year   = {2025},
  url    = {https://www.chartjs.org/},
  note   = {Acessado em: 21 jul. 2025.}
}

@misc{django_channels:2025,
  author = {{Django Software Foundation}},
  title  = {Django Channels - Asynchronous support for Django},
  year   = {2025},
  url    = {https://channels.readthedocs.io/},
  note   = {Acessado em: 14 out. 2025}
}

@misc{django:2025,
  author = {Fundação Django},
  title  = {Conheça o Django},
  month  = {julho},
  year   = {2025},
  url    = {https://www.djangoproject.com/},
  note   = {Acessado em: 21 jul. 2025.}
}

@misc{fbsp2021,
  author = {{Fórum Brasileiro de Segurança Pública}},
  title  = {Anuário Brasileiro de Segurança Pública 2021},
  year   = {2021},
  url    = {https://forumseguranca.org.br/anuario-brasileiro-seguranca-publica/},
  note   = {Acessado em: 14 out. 2025}
}

@misc{fbsp2024,
  author = {{Fórum Brasileiro de Segurança Pública}},
  title  = {Anuário Brasileiro de Segurança Pública 2024},
  year   = {2024},
  url    = {https://forumseguranca.org.br/anuario-brasileiro-seguranca-publica/},
  note   = {Acessado em: 14 out. 2025}
}


 @misc{hostinger2025,
  author = {{Hostinger International Ltd.}},
  title  = {Hostinger - Web Hosting Services},
  year   = {2025},
  url    = {https://www.hostinger.com},
  note   = {Acessado em: 8 ago. 2025}
}

 @misc{imp2023,
  author = {{Instituto Maria da Penha}},
  title  = {Dados sobre Violência contra a Mulher},
  year   = {2023},
  url    = {https://www.institutomariadapenha.org.br/violencia-domestica/dados.html},
  note   = {Acessado em: 14 out. 2025}
}

 @misc{jquery:2025,
  author = {jQuery},
  title  = {jQuery, write less, do more.},
  month  = {julho},
  year   = {2025},
  url    = {https://jquery.com/},
  note   = {Acessado em: 21 jul. 2025.}
}

 @misc{Leafletjss:2025,
  author = {{Leaflet.js}},
  title  = {uma biblioteca JavaScript de código aberto para mapas interativos compatíveis com dispositivos móveis},
  month  = {julho},
  year   = {2025},
  url    = {https://leafletjs.com/},
  note   = {Acessado em: 21 jul. 2025.}
}

 @misc{nginx:2025,
  author = {{F5, Inc.}},
  title  = {nginx - High Performance Load Balancer, Web Server, \& Reverse Proxy},
  year   = {2025},
  url    = {https://www.nginx.com/},
  note   = {Acessado em: 14 out. 2025}
}

 @book{ninguem2022curioso,
  author    = {Senhor Ninguem},
  title     = {O curioso caso do livro que ninguém escreveu},
  publisher = {Editora Fantasia},
  address   = {Terra do Nunca},
  year      = {2022},
  note      = {Acessado em: 09 jan. 2022.}
}

 @book{oliveira_SO2009,
  author    = {Oliveira, R{\^o}mulo Silva de and CARISSIMI, Alexandre da S. and TOSCANI, Sim{\~a}o S.},
  title     = {Sistemas Operacionais},
  publisher = {UFRGS},
  year      = {2009},
  volume    = {4 ed},
  pages     = {370},
  url       = {https://integrada.minhabiblioteca.com.br/#/books/9788577806874/},
  note      = {Acessado em : 09 mar. 2023.}
}

 @misc{ollama:2025,
  author = {Ollama},
  title  = {Ollama: Run large language models locally},
  year   = {2025},
  url    = {https://ollama.com},
  note   = {Acesso em: 26 ago. 2025}
}

@misc{postgresql:2025,
  author = {PostgreSQL},
  title  = {PostgreSQL: O Banco de Dados Relacional de Código Aberto Mais Avançado do Mundo},
  month  = {julho},
  year   = {2025},
  url    = {https://www.postgresql.org/},
  note   = {Acessado em: 21 jul. 2025.}
}

@misc{redis:2025,
  author = {{Redis Ltd.}},
  title  = {Redis - The open source, in-memory data store},
  year   = {2025},
  url    = {https://redis.io/},
  note   = {Acessado em: 14 out. 2025}
}

@misc{smart_selects:2025,
  author = {{Django Smart Selects Contributors}},
  title  = {Django Smart Selects - Chained select fields for Django},
  year   = {2025},
  url    = {https://github.com/jazzband/django-smart-selects},
  note   = {Acessado em: 14 out. 2025}
}

@misc{ssp_sc2024,
  author = {{Secretaria de Estado da Segurança Pública de Santa Catarina}},
  title  = {Estatísticas de Segurança Pública - Santa Catarina 2023},
  year   = {2024},
  url    = {https://www.ssp.sc.gov.br/},
  note   = {Acessado em: 14 out. 2025}
}

@misc{tailwindCSS:2025,
  author = {Tailwind Labs Inc TailwindCSS},
  title  = {Crie sites modernos rapidamente sem sair do seu HTML.},
  month  = {julho},
  year   = {2025},
  url    = {https://tailwindcss.com/},
  note   = {Acessado em: 21 jul. 2025.}
}

@article{zancan2013,
  author  = {Zancan, Natália and Wassermann, Virginia and Lima, Gabriela Quadros de},
  title   = {A violência doméstica a partir do discurso de mulheres agredidas},
  journal = {Pensando Famílias},
  volume  = {17},
  number  = {1},
  pages   = {63--76},
  year    = {2013},
  note    = {Acessado em: 14 out. 2025}
}